<?xml version="1.0" encoding="UTF-8"?>
  <record xmlns="http://www.loc.gov/MARC21/slim" type="Authority">
    <leader>00000nz  a2200000nc 4500</leader>
    <controlfield tag="001">118635735</controlfield>
    <controlfield tag="003">DE-101</controlfield>
    <controlfield tag="005">20220604101328.0</controlfield>
    <controlfield tag="008">880701n||azznnaabn           | aaa    |c</controlfield>
    <datafield tag="024" ind1="7" ind2=" ">
      <subfield code="a">118635735</subfield>
      <subfield code="0">http://d-nb.info/gnd/118635735</subfield>
      <subfield code="2">gnd</subfield>
    </datafield>
    <datafield tag="035" ind1=" " ind2=" ">
      <subfield code="a">(DE-101)118635735</subfield>
    </datafield>
    <datafield tag="035" ind1=" " ind2=" ">
      <subfield code="a">(DE-588)118635735</subfield>
    </datafield>
    <datafield tag="035" ind1=" " ind2=" ">
      <subfield code="z">(DE-588)1089956088</subfield>
    </datafield>
    <datafield tag="035" ind1=" " ind2=" ">
      <subfield code="z">(DE-588)177986050</subfield>
    </datafield>
    <datafield tag="035" ind1=" " ind2=" ">
      <subfield code="z">(DE-588a)177986050</subfield>
      <subfield code="9">v:zg</subfield>
    </datafield>
    <datafield tag="035" ind1=" " ind2=" ">
      <subfield code="z">(DE-588a)118635735</subfield>
      <subfield code="9">v:zg</subfield>
    </datafield>
    <datafield tag="035" ind1=" " ind2=" ">
      <subfield code="z">(DE-588c)4067127-6</subfield>
      <subfield code="9">v:zg</subfield>
    </datafield>
    <datafield tag="040" ind1=" " ind2=" ">
      <subfield code="a">DE-101</subfield>
      <subfield code="c">DE-101</subfield>
      <subfield code="9">r:DE-101</subfield>
      <subfield code="b">ger</subfield>
      <subfield code="d">1210</subfield>
    </datafield>
    <datafield tag="042" ind1=" " ind2=" ">
      <subfield code="a">gnd1</subfield>
    </datafield>
    <datafield tag="043" ind1=" " ind2=" ">
      <subfield code="c">XA-CH</subfield>
    </datafield>
    <datafield tag="065" ind1=" " ind2=" ">
      <subfield code="a">6.1p</subfield>
      <subfield code="2">sswd</subfield>
    </datafield>
    <datafield tag="065" ind1=" " ind2=" ">
      <subfield code="a">11.2p</subfield>
      <subfield code="2">sswd</subfield>
    </datafield>
    <datafield tag="075" ind1=" " ind2=" ">
      <subfield code="b">p</subfield>
      <subfield code="2">gndgen</subfield>
    </datafield>
    <datafield tag="075" ind1=" " ind2=" ">
      <subfield code="b">piz</subfield>
      <subfield code="2">gndspec</subfield>
    </datafield>
    <datafield tag="079" ind1=" " ind2=" ">
      <subfield code="a">g</subfield>
      <subfield code="q">a</subfield>
      <subfield code="q">f</subfield>
      <subfield code="q">n</subfield>
      <subfield code="q">s</subfield>
      <subfield code="u">v</subfield>
      <subfield code="u">o</subfield>
      <subfield code="u">w</subfield>
    </datafield>
    <datafield tag="100" ind1="1" ind2=" ">
      <subfield code="a">Wyle, Niklas &#152;von&#156;</subfield>
      <subfield code="d">1410-1478</subfield>
    </datafield>
    <datafield tag="375" ind1=" " ind2=" ">
      <subfield code="a">1</subfield>
      <subfield code="2">iso5218</subfield>
    </datafield>
    <datafield tag="400" ind1="0" ind2=" ">
      <subfield code="a">Nicolas</subfield>
      <subfield code="c">de Wyl</subfield>
      <subfield code="d">1410-1478</subfield>
    </datafield>
    <datafield tag="400" ind1="0" ind2=" ">
      <subfield code="a">Nicolai</subfield>
      <subfield code="c">von Wyle</subfield>
      <subfield code="d">1410-1478</subfield>
    </datafield>
    <datafield tag="400" ind1="0" ind2=" ">
      <subfield code="a">Nicolaus</subfield>
      <subfield code="c">de Vuile</subfield>
      <subfield code="d">1410-1478</subfield>
    </datafield>
    <datafield tag="400" ind1="0" ind2=" ">
      <subfield code="a">Nichlas</subfield>
      <subfield code="c">von Wyle</subfield>
      <subfield code="d">1410-1478</subfield>
    </datafield>
    <datafield tag="400" ind1="1" ind2=" ">
      <subfield code="a">Weyl, Nicolaus &#152;von&#156;</subfield>
      <subfield code="d">1410-1478</subfield>
    </datafield>
    <datafield tag="400" ind1="0" ind2=" ">
      <subfield code="a">Niklas</subfield>
      <subfield code="c">von Wyle</subfield>
      <subfield code="d">1410-1478</subfield>
    </datafield>
    <datafield tag="400" ind1="0" ind2=" ">
      <subfield code="a">Nikolaus</subfield>
      <subfield code="c">von Wyle</subfield>
      <subfield code="d">1410-1478</subfield>
    </datafield>
    <datafield tag="400" ind1="0" ind2=" ">
      <subfield code="a">Nicolaus</subfield>
      <subfield code="c">von Weil</subfield>
      <subfield code="d">1410-1478</subfield>
    </datafield>
    <datafield tag="400" ind1="0" ind2=" ">
      <subfield code="a">Nicolaus</subfield>
      <subfield code="c">von Weyl</subfield>
      <subfield code="d">1410-1478</subfield>
    </datafield>
    <datafield tag="400" ind1="1" ind2=" ">
      <subfield code="a">Wyle, Nicolaus &#152;von&#156;</subfield>
      <subfield code="d">1410-1478</subfield>
    </datafield>
    <datafield tag="400" ind1="1" ind2=" ">
      <subfield code="a">Wyl, Niclas &#152;von&#156;</subfield>
      <subfield code="d">1410-1478</subfield>
    </datafield>
    <datafield tag="400" ind1="0" ind2=" ">
      <subfield code="a">Nicolaus</subfield>
      <subfield code="c">von Wile</subfield>
      <subfield code="d">1410-1478</subfield>
    </datafield>
    <datafield tag="400" ind1="1" ind2=" ">
      <subfield code="a">Weyle, Nicolaus &#152;von&#156;</subfield>
      <subfield code="d">1410-1478</subfield>
    </datafield>
    <datafield tag="400" ind1="1" ind2=" ">
      <subfield code="a">Wile, Nikolaus &#152;von&#156;</subfield>
      <subfield code="d">1410-1478</subfield>
    </datafield>
    <datafield tag="400" ind1="1" ind2=" ">
      <subfield code="a">Wile, Nicolaus &#152;de&#156;</subfield>
      <subfield code="d">1410-1478</subfield>
    </datafield>
    <datafield tag="400" ind1="0" ind2=" ">
      <subfield code="a">Nicolaus</subfield>
      <subfield code="c">von Wyle</subfield>
      <subfield code="d">1410-1478</subfield>
    </datafield>
    <datafield tag="400" ind1="1" ind2=" ">
      <subfield code="a">Wyle, Niclas &#152;von&#156;</subfield>
      <subfield code="d">1410-1478</subfield>
    </datafield>
    <datafield tag="400" ind1="1" ind2=" ">
      <subfield code="a">Wyle, Niclasens &#152;von&#156;</subfield>
      <subfield code="d">1410-1478</subfield>
    </datafield>
    <datafield tag="400" ind1="1" ind2=" ">
      <subfield code="a">Weil, Nicolaus &#152;von&#156;</subfield>
      <subfield code="d">1410-1478</subfield>
    </datafield>
    <datafield tag="400" ind1="1" ind2=" ">
      <subfield code="a">Wil, Niclas &#152;von&#156;</subfield>
      <subfield code="d">1410-1478</subfield>
    </datafield>
    <datafield tag="400" ind1="1" ind2=" ">
      <subfield code="a">Wyle, Nikolaus &#152;von&#156;</subfield>
      <subfield code="d">1410-1478</subfield>
      <subfield code="9">v:(VD-16)</subfield>
    </datafield>
    <datafield tag="400" ind1="1" ind2=" ">
      <subfield code="a">Weyle, Nikolaus &#152;von&#156;</subfield>
      <subfield code="d">1410-1478</subfield>
    </datafield>
    <datafield tag="400" ind1="1" ind2=" ">
      <subfield code="a">Weyll, Nikolaus &#152;von&#156;</subfield>
      <subfield code="d">1410-1478</subfield>
    </datafield>
    <datafield tag="400" ind1="1" ind2=" ">
      <subfield code="a">Wyl, Nikolaus &#152;von&#156;</subfield>
      <subfield code="d">1410-1478</subfield>
    </datafield>
    <datafield tag="400" ind1="0" ind2=" ">
      <subfield code="a">Niklas</subfield>
      <subfield code="c">von Weyle</subfield>
      <subfield code="d">1410-1478</subfield>
    </datafield>
    <datafield tag="400" ind1="1" ind2=" ">
      <subfield code="a">Weyle, Niklas &#152;von&#156;</subfield>
      <subfield code="d">1410-1478</subfield>
    </datafield>
    <datafield tag="400" ind1="1" ind2=" ">
      <subfield code="a">Weile, Nicolaus &#152;von&#156;</subfield>
      <subfield code="d">1410-1478</subfield>
    </datafield>
    <datafield tag="400" ind1="0" ind2=" ">
      <subfield code="a">Niclas</subfield>
      <subfield code="c">von Wyle</subfield>
      <subfield code="d">1410-1478</subfield>
    </datafield>
    <datafield tag="400" ind1="0" ind2=" ">
      <subfield code="a">Nicolas</subfield>
      <subfield code="c">von Wyle</subfield>
      <subfield code="d">1410-1478</subfield>
    </datafield>
    <datafield tag="548" ind1=" " ind2=" ">
      <subfield code="a">1410-1478</subfield>
      <subfield code="4">datl</subfield>
      <subfield code="4">https://d-nb.info/standards/elementset/gnd#dateOfBirthAndDeath</subfield>
      <subfield code="w">r</subfield>
      <subfield code="i">Lebensdaten</subfield>
      <subfield code="9">v:Geburts- und Todesjahr ca.</subfield>
    </datafield>
    <datafield tag="548" ind1=" " ind2=" ">
      <subfield code="a">-13.04.1479</subfield>
      <subfield code="4">datx</subfield>
      <subfield code="4">https://d-nb.info/standards/elementset/gnd#dateOfDeath</subfield>
      <subfield code="w">r</subfield>
      <subfield code="i">Exakte Lebensdaten</subfield>
      <subfield code="9">v:Historisches Lexikon Schweiz</subfield>
    </datafield>
    <datafield tag="550" ind1=" " ind2=" ">
      <subfield code="0">(DE-101)041607775</subfield>
      <subfield code="0">(DE-588)4160777-6</subfield>
      <subfield code="0">https://d-nb.info/gnd/4160777-6</subfield>
      <subfield code="a">Humanist</subfield>
      <subfield code="4">berc</subfield>
      <subfield code="4">https://d-nb.info/standards/elementset/gnd#professionOrOccupation</subfield>
      <subfield code="w">r</subfield>
      <subfield code="i">Charakteristischer Beruf</subfield>
    </datafield>
    <datafield tag="550" ind1=" " ind2=" ">
      <subfield code="0">(DE-101)04061414X</subfield>
      <subfield code="0">(DE-588)4061414-1</subfield>
      <subfield code="0">https://d-nb.info/gnd/4061414-1</subfield>
      <subfield code="a">Übersetzer</subfield>
      <subfield code="4">beru</subfield>
      <subfield code="4">https://d-nb.info/standards/elementset/gnd#professionOrOccupation</subfield>
      <subfield code="w">r</subfield>
      <subfield code="i">Beruf</subfield>
    </datafield>
    <datafield tag="667" ind1=" " ind2=" ">
      <subfield code="a">LABI-BW-WLB</subfield>
    </datafield>
    <datafield tag="667" ind1=" " ind2=" ">
      <subfield code="a">12-PMA</subfield>
    </datafield>
    <datafield tag="667" ind1=" " ind2=" ">
      <subfield code="a">12</subfield>
    </datafield>
    <datafield tag="667" ind1=" " ind2=" ">
      <subfield code="a">7</subfield>
    </datafield>
    <datafield tag="667" ind1=" " ind2=" ">
      <subfield code="a">VD-16</subfield>
    </datafield>
    <datafield tag="667" ind1=" " ind2=" ">
      <subfield code="a">VD-17</subfield>
    </datafield>
    <datafield tag="667" ind1=" " ind2=" ">
      <subfield code="a">Quelle: DNB-Normdaten</subfield>
    </datafield>
    <datafield tag="670" ind1=" " ind2=" ">
      <subfield code="a">Glossarium Helvetiae historicum</subfield>
    </datafield>
    <datafield tag="670" ind1=" " ind2=" ">
      <subfield code="a">Meyer; LMA,VI,1163</subfield>
    </datafield>
    <datafield tag="672" ind1=" " ind2="0">
      <subfield code="a">Wyle, Niklas von: Eyn schoner tractat von gebürlichen titteln, oder übergeschrifften *. - s.a.</subfield>
    </datafield>
    <datafield tag="672" ind1=" " ind2="0">
      <subfield code="a">Wyle, Niklas von: In disem Tractelein werden anzeigt etlich underweysung von überschrif*</subfield>
      <subfield code="f">1528</subfield>
    </datafield>
    <datafield tag="672" ind1=" " ind2="0">
      <subfield code="a">Apuleius Madaurensis, Lucius: Ein hubsche history von Lucius apuleius in gestalt eines *</subfield>
      <subfield code="f">1509</subfield>
    </datafield>
    <datafield tag="672" ind1=" " ind2="0">
      <subfield code="a">Wyle, Niklas von: Eyn schoner tractat von gebürlichen titteln, oder übergeschrifften *. - [ca. 1519]</subfield>
    </datafield>
    <datafield tag="672" ind1=" " ind2="0">
      <subfield code="a">Poggio Bracciolini, Gian F.: Wie Hieronymus von Prag ain anhänger Joh. Huß durch das Conc*</subfield>
      <subfield code="f">1521</subfield>
    </datafield>
    <datafield tag="672" ind1=" " ind2="0">
      <subfield code="a">Pius &lt;Papa, II.&gt;: Eneas silvius, der bapst Pius genant wart wie im tromet, das er in da*. - [ca. 1519]</subfield>
    </datafield>
    <datafield tag="672" ind1=" " ind2="0">
      <subfield code="a">Pius II. &lt;Papst&gt;: Ein liebliche vnd warhafftige Histori, von zweyen Liebhabenden Menschen, Euriolo vnd ...  1550.  (VD16 P 3113)</subfield>
    </datafield>
    <datafield tag="672" ind1=" " ind2="0">
      <subfield code="a">Poggio Bracciolini, Giovanni Francesco: Eyn sendt brieff wie Hieronimus eyn Junger Joannis husz Jm concilio czu Costentz fuer ein ...  1521.  (VD16 P 3864)</subfield>
    </datafield>
    <datafield tag="672" ind1=" " ind2="0">
      <subfield code="a">Poggio Bracciolini, Giovanni Francesco: Wie Hieronymus von Prag ain anhänger Johannis Huß durch das conciliũ z°u Costentz für ain ...  1521.  (VD16 P 3861)</subfield>
    </datafield>
    <datafield tag="672" ind1=" " ind2="0">
      <subfield code="a">Poggio Bracciolini, Giovanni Francesco: Vie Hieronymus von Prag ain anhänger Johannis Huß durch das conciliũ z°u Costentz für ain ...  1521.  (VD16 P 3863)</subfield>
    </datafield>
    <datafield tag="672" ind1=" " ind2="0">
      <subfield code="a">Pius II. &lt;Papst&gt;: Ein Liebliche vnd Varhafftige History Von zweien Liebhabenden Menschen Euriolo vnnd ...  1560.  (VD16 P 3114)</subfield>
    </datafield>
    <datafield tag="672" ind1=" " ind2="0">
      <subfield code="a">Wyle, Nikolaus von: Eyn schoner tractat von gebürlichẽ titteln oder vbergeschrifften der stenden. Auch wie man ...  1519.  (VD16 W 4692)</subfield>
    </datafield>
    <datafield tag="672" ind1=" " ind2="0">
      <subfield code="a">Wyle, Nikolaus von: Translation. oder Deütschungen des hochgeachten Nicolai von Weil den zeiten Statschreiber ...  1536.  (VD16 W 4693)</subfield>
    </datafield>
    <datafield tag="672" ind1=" " ind2="0">
      <subfield code="a">Pius II. &lt;Papst&gt;: Eneas siluius der bapst Pius genandt wart:wie im tromet das er in das reich der küngin ...  1519.  (VD16 P 3119)</subfield>
    </datafield>
    <datafield tag="672" ind1=" " ind2="0">
      <subfield code="a">Poggio Bracciolini, Giovanni Francesco: wie Hieronimus von Prag ain anhänger Johannis Huß durch das conciliũ z°u Costentz für ain ...  1521.  (VD16 P 3862)</subfield>
    </datafield>
    <datafield tag="672" ind1=" " ind2="0">
      <subfield code="a">Lucianus: Ein hubsche history von Lucius apuleius in gestalt eins esels verwãdelt vñ verkert ward vñ ...  1509.  (VD16 L 3060)</subfield>
    </datafield>
    <datafield tag="913" ind1=" " ind2=" ">
      <subfield code="S">pnd</subfield>
      <subfield code="i">a</subfield>
      <subfield code="a">Wyle, Niklas /von</subfield>
      <subfield code="0">(DE-588a)118635735</subfield>
    </datafield>
    <datafield tag="913" ind1=" " ind2=" ">
      <subfield code="S">pnd</subfield>
      <subfield code="i">a</subfield>
      <subfield code="a">Wyle, Niklas /von</subfield>
      <subfield code="0">(DE-588a)177986050</subfield>
    </datafield>
  </record>
